% rbj.bib     $Id: rbj.bib,v 1.2 2004/09/08 05:15:37 rbj Exp $
% Rbj's supplements to the FST bibliography.
%
% Organisation
% %%%%%%%%%%%%
%
% The organisation and entry types are:
%
%    1. string definitions
%    2. journal articles and books  (incollection, article or book type)
%    3. external technical papers   (projdoc or phdthesis type)
%    4. local technical papers      (projdoc type)
%    5. IED project documents       (projdoc type)
%
% The `projdoc' entry type is defined in the associated .bst file
%
% Conventions
% %%%%%%%%%%%
%
% These are evolving.
% 
% Keys:
%        For journal articles and books use the principal author's surname
%        with the last two digits of the year of publication
%        appended for that author's first article or book that year.
%        For subsequent works in the same year append `b', `c', ... .
%
%        For external and local technical papers use the identity.
%        If this is inappropriate (e.g. if the
%        external reference identity you want to appear in bibliographies
%        contains spaces) use a lower case abbreviation of the identity.
%        If that is inappropriate (e.g. if there is no suitable document
%        reference number to use as an identity), then invent an identity
%        based on the author's name as for a book. In this last case
%        you can explicitly set identity="", if you don't want the
%        invented identity to appear in the bibliography entry.
%
% Optional fields to fill in:
%
%        For `article' type give `volume' and `number' if appropriate and
%        give `pages' if at all possible.
%        For `incollection' type give `editor' and `pages' if appropriate.
%
%        For `projdoc' `identity' will normally be the same as the key
%        (apart from capitalisation) and may be omitted since the
%        style file will output the key as it was typed in the document
%        in its place. It need only be given if it contains underscores
%        or or other special LaTeX characters which need to be escaped,
%        (such characters should be omitted from the key),
%        or if you wish to suppress or vary its appearance in the actual
%        bibliographies and its use as a sort key (e.g. for an external
%        technical document, see harwood89b and luckham79 for examples.).
%
%
% 1. string definitions:
%
% We use these for names of common journals and publishers and for
% local authors etc.
%
@string{BM="R.S. Boyer and J.S. Moore"}
@string{AP="Academic Press"}
@string{AW="Addison-Wesley"}
@string{CUP="Cambridge University Press"}
@string{CESG="CESG"}
@string{EUP="Edinburgh University Press"}
@string{FM="Fundamenta Mathematica"}
@string{HEATH="D.C. Heath \& Co."}
@string{HUP="Harvard University Press"}
@string{JW="John Wiley \& Sons, Inc."}
@string{LNCS="Lecture Notes in Computer Science"}
@string{LNAI="Lecture Notes in Artifical Intelligence"}
@string{MM="MacMillan"}
@string{MH="McGraw-Hill Book Company"}
@string{NH="North Holland"}
@string{MIT="MIT Press"}
@string{PH="Prentice-Hall"}
@string{PHI="Prentice/Hall International"}
@string{SV="Springer-Verlag"}
@string{WBC="Wadworth and Brook/Cole"}
@string{DS="ICL Secure Systems"}
@string{ISS="ICL Secure Systems"}
@string{L1="Lemma 1 Ltd."}
@string{L1URL="{\tt http://www.lemma-one.com}"}
@string{RDA="R.D. Arthan"}
@string{RDAEMAIL="{\tt rda@lemma-one.com}"}
@string{KB="K. Blackburn"}
@string{AJH="A.J. Hammon"}
@string{ACH="A.C. Hayward"}
@string{BJH="B.J. Homer"}
@string{CAJ="C.A. Jervis"}
@string{RBJ="R.B. Jones"}
@string{GMP="G.M. Prout"}
@string{GTS="G.T. Scullard"}
@string{DJK="D.J. King"}
@string{RS="R. Stokes"}
@string{RSRE="MOD PE, RSRE"}
@string{DRA="Defence Research Agency, Malvern"}
@string{TBA="Author TBA"}
@string{WIN="Winnersh"}
%
% 2. journal articles and books
%

@incollection{aczel77,
        author="Aczel, P.",
        title="An introduction to inductive definitions.",
        booktitle="Handbook of Mathematical Logic",
        editor="J. Barwise",
        publisher=NH,
        year="1977"}

@incollection{paulson84,
        author="Paulson, L.C.",
        title="Deriving structural induction in LCF.",
        booktitle="Semantics of Data Types",
        editor="G. Kahn, D. B. MacQueen, G. Plotkin",
        publisher=SV,
        year="1984"}

@article{paulson93,
        title="Set theory for verification: I. From foundations to functions.",
        author="Paulson, L. C.",
        journal="J. Automated Reasoning 11",
        year="1993"}

@incollection{paulson94,
        author="Paulson, L. C.",
        title="A fixedpoint approach to implementing (co)inductive definitions (revised version).",
        booktitle="12th International Conf. on Automated Deduction",
        editor="A. Bundy",
        publisher=SV,
        series="Springer LNAI 814",
        year="1994"}

@article{paulson95,
        title="Set theory for verification: II. Induction and recursion.",
        author="Paulson, L. C.",
        journal="J. Automated Reasoning 15",
        year="1995"}

@article{paulson97,
        title="Mechanizing coinduction and corecursion in higher-order logic.",
        author="Paulson, L. C.",
        journal="J. Logic and Computation 7",
        year="1997"}

@incollection{paulson00,
        author="Paulson, L. C.",
        title="A fixedpoint approach to (co)inductive and (co)datatype definitions",
        booktitle="Proof, Language, and Interaction: Essays in Honour of Robin Milner",
        editor="G. Plotkin, C. Stirling, and M. Tofte",
        publisher=MIT,
        year="2000"}

%
% 3. external technical papers
%

%
% 4. local technical papers
%

% The "t" series

@projdoc{t000,
        title="Introduction to Work in Progess",
        author="Jones, Roger Bishop"}

@projdoc{t001,
        title="Analyticity and Abstraction",
        author="Jones, Roger Bishop"}

@projdoc{t002,
        title="The Formalisation of Physics",
        author="Jones, Roger Bishop"}

@projdoc{t003,
        title="Some Differential Geometry",
        author="Jones, Roger Bishop"}

@projdoc{t004,
        title="Membership Structures",
        author="Jones, Roger Bishop"}

@projdoc{t005,
        title="Well Founded Relations",
        author="Jones, Roger Bishop"}

@projdoc{t006,
        title="Miscellanea",
        author="Jones, Roger Bishop"}

@projdoc{t007,
        title="Inductive and Coinductive Definitions in ProofPower",
        author="Jones, Roger Bishop"}

@projdoc{t008,
        title="Illustrations of (Co-)Inductive Definitions",
        author="Jones, Roger Bishop"}

%
% 5. IED technical papers
%	In alphanumeric order order:
%		ds/fmu/ied/def...
%		ds/fmu/ied/dtd...
%		ds/fmu/ied/hld...
%		ds/fmu/ied/imp...
%		ds/fmu/ied/int...
%		ds/fmu/ied/mdt...
%		ds/fmu/ied/min...
%		ds/fmu/ied/pln...
%		ds/fmu/ied/req...
%		ds/fmu/ied/rpt...
%		ds/fmu/ied/sml...
%		ds/fmu/ied/spc...
%		ds/fmu/ied/tst...
%		ds/fmu/ied/usr...
%		ds/fmu/ied/wrk...
%		ds/fmu/ied/zed...
%
% DISTINCTIVE_LINE_FOR_sed
