% a Quine bibliography cobbled together by Roger Bishop Jones
%
% Organisation
% %%%%%%%%%%%%
%
% The organisation and entry types are:
%
%    1. string definitions
%    2. journal articles and books  (incollection, article or book type)
%    3. external technical papers   (projdoc or phdthesis type)
%    4. local technical papers      (projdoc type)
%    5. IED project documents       (projdoc type)
%
% The `projdoc' entry type is defined in the associated .bst file
%
% Conventions
% %%%%%%%%%%%
%
% These are evolving.
% 
% Keys:
%        For journal articles and books use the principal author's surname
%        with the last two digits of the year of publication
%        appended for that author's first article or book that year.
%        For subsequent works in the same year append `b', `c', ... .
%
%        For external and local technical papers use the identity.
%        If this is inappropriate (e.g. if the
%        external reference identity you want to appear in bibliographies
%        contains spaces) use a lower case abbreviation of the identity.
%        If that is inappropriate (e.g. if there is no suitable document
%        reference number to use as an identity), then invent an identity
%        based on the author's name as for a book. In this last case
%        you can explicitly set identity="", if you don't want the
%        invented identity to appear in the bibliography entry.
%
% Optional fields to fill in:
%
%        For `article' type give `volume' and `number' if appropriate and
%        give `pages' if at all possible.
%        For `incollection' type give `editor' and `pages' if appropriate.
%
%        For `projdoc' `identity' will normally be the same as the key
%        (apart from capitalisation) and may be omitted since the
%        style file will output the key as it was typed in the document
%        in its place. It need only be given if it contains underscores
%        or or other special LaTeX characters which need to be escaped,
%        (such characters should be omitted from the key),
%        or if you wish to suppress or vary its appearance in the actual
%        bibliographies and its use as a sort key (e.g. for an external
%        technical document, see harwood89b and luckham79 for examples.).
%
%
% 1. string definitions:
%
% We use these for names of common journals and publishers and for
% local authors etc.
%
@string{AP="Academic Press"}
@string{AU="George Allen \& Unwin"}
@string{AUP="Automatic Press"}
@string{AW="Addison-Wesley"}
@string{BB="Basil Blackwell"}
@string{BP="Blackwell"}
@string{BM="R.S.~Boyer and J.S.~Moore"}
@string{CACM="Communications of the ACM"}
@string{CCL="Cahier du Centre de Logique"}
@string{CESG="CESG"}
@string{CP="Clarendon Press"}
@string{CUP="Cambridge University Press"}
@string{DO="Dover"}
@string{DK="Duckworth"}
@string{EM="Everyman"}
@string{EUP="Edinburgh University Press"}
@string{FM="Fundamenta Mathematica"}
@string{HEATH="D.C. Heath \& Co."}
@string{HOG="Hogarth Press"}
@string{HPNY="Humanties Press, New York"}
@string{HP="Harper Perennial"}
@string{HR="Harper and Row"}
@string{HU="Hutchinson"}
@string{HUP="Harvard University Press"}
@string{JAR="Journal of Automated Reasoning"}
@string{JP="The Journal of Philosophy"}
@string{JSL="Journal of Symbolic Logic"}
@string{JW="John Wiley \& Sons, Inc."}
@string{KP="Kegan and Paul"}
@string{LCL="Loeb Classical Library"}
@string{LNCS="Lecture Notes in Computer Science"}
@string{LNAI="Lecture Notes in Artifical Intelligence"}
@string{LMS="London Mathematical Society"}
@string{M="Methuen"}
@string{MH="McGraw-Hill Book Company"}
@string{MIND="Mind"}
@string{MIT="MIT Press"}
@string{MM="MacMillan"}
@string{NH="North Holland"}
@string{OUP="Oxford University Press"}
@string{OCP="Open Court Publishing"}
@string{PAAS="Proc. Amer. Acad. Arts and Sci."}
@string{PAS="Procedings of the Aristotelian Society"}
@string{PB="Penguin Books"}
@string{PC="Penguin Classics"}
@string{PCPS="Procedings of the Cambridge Philosophical Society"}
@string{PLMS="Procedings of the London Mathematical Society"}
@string{PRB="Profile Books"}
@string{PH="Prentice Hall"}
@string{PHI="Prentice Hall International"}
@string{PI="Pimlico"}
@string{PP="Phoenix Press"}
@string{PPQ="Pacific Philosophical Quarterly"}
@string{PR="Philosophical Review"}
@string{PS="Philosophical Studies"}
@string{PUP="Princeton University Press"}
@string{PVSDC="PVSpade.com"}
@string{RBJ="{Roger Bishop} Jones"}
@string{RBJDC="RBJones.com"}
@string{RBJEMAIL="{\tt rbj@rbjones.com}"}
@string{RC="Rudolf~Carnap"}
@string{RIP="Revue Internationale de Philosophie"}
@string{RKP="Routledge Kegan and Paul"}
@string{ROU="Routledge"}
@string{RP="Reidel Publishing"}
@string{RSRE="MOD PE, RSRE"}
@string{SV="Springer Verlag"}
@string{TBA="Author TBA"}
@string{TP="Thoemmes Press"}
@string{TPR="The Philosophical Review"}
@string{UCAP="University of California Press"}
@string{UCP="University of Chicago Press"}
@string{WBC="Wadworth and Brook/Cole"}
@string{WIN="Winnersh"}
@string{WVQ="W.V.~Quine"}
%
% 2. journal articles and books
%

@book{carnap21,
        author="Rudolf~Carnap",
        title="Der Raum. Ein Beitrag zur Wissenschaftslehre",
        note={Inaugural-Dissertation zur Erlangung der Doktorw{\ouml}rde der hohen philosophischen Fakult{\auml}t der Universit{\auml}t Jena},
        publisher={Universit{\auml}t Jena},
        year=1921}

@book{carnap28,
        author="Rudolf~Carnap",
        title="Der Logiche Aufbau der Welt",
        note={},
        publisher={Weltkreis-Verlag},
        year=1928}

@book{carnap28b,
        author="Rudolf~Carnap",
        title="Scheinprobleme in der philosophie: Das Fremdpsychische und der Realismusstreit",
        note={Psuedoproblems in Philosophy},
        publisher={Weltkreis-Verlag},
        year=1928}

@book{carnap29,
        author="Rudolf~Carnap",
        title="Abriss der Logistik",
        note={},
        publisher={Verlag von Julius Springer},
        year=1929}

@book{carnap29b,
        author="Hans~Hahn and Otto~Neurath and Rudolf~Carnap",
        title="The Scientific Conception of the World: The Vienna Circle",
        publisher={Artur Wolf Verlag},
        year=1929}

@book{carnap34,
        author="Rudolf~Carnap",
        title="Logiche Syntax der Sprach",
        publisher={Verlag von Julius Springer},
        year=1934}

@book{carnap37,
        author="Rudolf~Carnap",
        title="The Logical Syntax of Language",
        publisher=KP,
        year=1937}

@book{carnap35,
        author="Rudolf~Carnap",
        title="Philosophy and Logical Syntax",
        publisher=KP,
        year=1935}

@book{carnap42,
        author=RC,
        title="Introduction to Semantics",
        publisher=HUP,
        year="1942"}

@book{carnap47,
        author=RC,
        title="Meaning and Necessity - a study in semantics and modal logic",
        booktitle="Meaning and Necessity - a study in semantics and modal logic",
        publisher=UCP,
        year="1947"}

@article{carnap50,
        author=RC,
        title="Empiricism, Semantics and Ontology",
        journal=RIP,
        crossref="carnap56",
        year="1950"}

@book{carnap56,
        author=RC,
        title="Meaning and Necessity - a study in semantics and modal logic",
        booktitle="Meaning and Necessity - a study in semantics and modal logic",
        publisher=UCP,
        edition="2nd",
        year="1956"}

@book{carnap63a,
        author=RC,
        title="The Philosophy of Rudolf Carnap",
        editor="Paul~Schilpp",
        publisher=OCP,
        year="1963"}

@incollection{carnap63,
        author=RC,
        title="Intellectual Autobiography",
        crossref="carnap63a"}

