% a Quine bibliography cobbled together by Roger Bishop Jones
%
% Organisation
% %%%%%%%%%%%%
%
% The organisation and entry types are:
%
%    1. string definitions
%    2. journal articles and books  (incollection, article or book type)
%    3. external technical papers   (projdoc or phdthesis type)
%    4. local technical papers      (projdoc type)
%    5. IED project documents       (projdoc type)
%
% The `projdoc' entry type is defined in the associated .bst file
%
% Conventions
% %%%%%%%%%%%
%
% These are evolving.
% 
% Keys:
%        For journal articles and books use the principal author's surname
%        with the last two digits of the year of publication
%        appended for that author's first article or book that year.
%        For subsequent works in the same year append `b', `c', ... .
%
%        For external and local technical papers use the identity.
%        If this is inappropriate (e.g. if the
%        external reference identity you want to appear in bibliographies
%        contains spaces) use a lower case abbreviation of the identity.
%        If that is inappropriate (e.g. if there is no suitable document
%        reference number to use as an identity), then invent an identity
%        based on the author's name as for a book. In this last case
%        you can explicitly set identity="", if you don't want the
%        invented identity to appear in the bibliography entry.
%
% Optional fields to fill in:
%
%        For `article' type give `volume' and `number' if appropriate and
%        give `pages' if at all possible.
%        For `incollection' type give `editor' and `pages' if appropriate.
%
%        For `projdoc' `identity' will normally be the same as the key
%        (apart from capitalisation) and may be omitted since the
%        style file will output the key as it was typed in the document
%        in its place. It need only be given if it contains underscores
%        or or other special LaTeX characters which need to be escaped,
%        (such characters should be omitted from the key),
%        or if you wish to suppress or vary its appearance in the actual
%        bibliographies and its use as a sort key (e.g. for an external
%        technical document, see harwood89b and luckham79 for examples.).
%
%
% 1. string definitions:
%
% We use these for names of common journals and publishers and for
% local authors etc.
%
@string{AP="Academic Press"}
@string{AU="George Allen \& Unwin"}
@string{AUP="Automatic Press"}
@string{AW="Addison-Wesley"}
@string{BB="Basil Blackwell"}
@string{BP="Blackwell"}
@string{BM="R.S.~Boyer and J.S.~Moore"}
@string{CACM="Communications of the ACM"}
@string{CCL="Cahier du Centre de Logique"}
@string{CESG="CESG"}
@string{CP="Clarendon Press"}
@string{CUP="Cambridge University Press"}
@string{DO="Dover"}
@string{DK="Duckworth"}
@string{EM="Everyman"}
@string{EUP="Edinburgh University Press"}
@string{FM="Fundamenta Mathematica"}
@string{HEATH="D.C. Heath \& Co."}
@string{HOG="Hogarth Press"}
@string{HPNY="Humanties Press, New York"}
@string{HP="Harper Perennial"}
@string{HR="Harper and Row"}
@string{HU="Hutchinson"}
@string{HUP="Harvard University Press"}
@string{JAR="Journal of Automated Reasoning"}
@string{JP="The Journal of Philosophy"}
@string{JSL="Journal of Symbolic Logic"}
@string{JW="John Wiley \& Sons, Inc."}
@string{KP="Kegan and Paul"}
@string{LCL="Loeb Classical Library"}
@string{LNCS="Lecture Notes in Computer Science"}
@string{LNAI="Lecture Notes in Artifical Intelligence"}
@string{LMS="London Mathematical Society"}
@string{M="Methuen"}
@string{MH="McGraw-Hill Book Company"}
@string{MIND="Mind"}
@string{MIT="MIT Press"}
@string{MM="MacMillan"}
@string{NH="North Holland"}
@string{OUP="Oxford University Press"}
@string{OCP="Open Court Publishing"}
@string{PAAS="Proc. Amer. Acad. Arts and Sci."}
@string{PAS="Procedings of the Aristotelian Society"}
@string{PB="Penguin Books"}
@string{PC="Penguin Classics"}
@string{PCPS="Procedings of the Cambridge Philosophical Society"}
@string{PLMS="Procedings of the London Mathematical Society"}
@string{PRB="Profile Books"}
@string{PH="Prentice Hall"}
@string{PHI="Prentice Hall International"}
@string{PI="Pimlico"}
@string{PP="Phoenix Press"}
@string{PPQ="Pacific Philosophical Quarterly"}
@string{PR="Philosophical Review"}
@string{PS="Philosophical Studies"}
@string{PUP="Princeton University Press"}
@string{PVSDC="PVSpade.com"}
@string{RBJ="{Roger Bishop} Jones"}
@string{RBJDC="RBJones.com"}
@string{RBJEMAIL="{\tt rbj@rbjones.com}"}
@string{RC="Rudolf~Carnap"}
@string{RIP="Revue Internationale de Philosophie"}
@string{RKP="Routledge Kegan and Paul"}
@string{ROU="Routledge"}
@string{RP="Reidel Publishing"}
@string{RSRE="MOD PE, RSRE"}
@string{SV="Springer Verlag"}
@string{TBA="Author TBA"}
@string{TP="Thoemmes Press"}
@string{TPR="The Philosophical Review"}
@string{UCAP="University of California Press"}
@string{UCP="University of Chicago Press"}
@string{WBC="Wadworth and Brook/Cole"}
@string{WIN="Winnersh"}
@string{WVQ="W.V.~Quine"}
%
% 2. journal articles and books
%

@book{copi67,
	author="Irving~M.~Copi and James~A.~Gould",
	title="Contemporary Readings in Logical Theory",
	publisher=MM,
	year="1967"}

@book{quine34,
        author = WVQ,
        title = {A system of logistic},
        publisher=HUP,
        year = 1934}

@incollection{quine36,
        crossref = {quine66},
        author=WVQ,
        title="Truth by Convention",
        year="1936"}

@article{quine43,
        author=WVQ,
        title="Notes on Existence and Necessity",
        journal=JP,
        volume=40,
        part=5,
        pages="113-127",
        year=1943}

@article{quine47,
        author=WVQ,
        title="The Problem of Interpreting Modal Logic",
        journal=JSL,
        volume=12,
        pages="42-48",
        year=1947,
        crossref="copi67"}

@article{quine48,
        author=WVQ,
        title="On what there is",
        journal=RM,
        volume=2,
        pages="21-38",
        year=1948,
        crossref="quine53"}

@article{quine51,
        author=WVQ,
        title="On Carnap's views on ontology",
        journal=PS,
        volume="2",
        pages="65-72",
        year="1951",
        crossref="quine66"}

@article{quine51a,
        author=WVQ,
        title="Semantics and abstract objects",
        journal=PAAAS,
        volume="80",
        pages="90-96",
        year="1951",
        crossref="quine53"}

@article{quine51b,
        author=WVQ,
        title="Two Dogmas of Empiricism",
        journal=PR,
        volume="60",
        pages="20-43",
        year="1951"}

@article{quine53,
        author=WVQ,
        title="On mental entities",
        journal=PAAAS,
        volume="80",
        pages="198-203",
        year="1953"}

@article{quine53a,
        author=WVQ,
        title="Three grades of modal involvement",
        journal="Proceedings XI International Congress of Philosophy",
        volume="14",
        pages="65-81",
        year="1953",
        crossref="quine66"}

@InCollection{quine61,
        crossref = {quine61a},
        author = WVQ,
        title = {Reference and Modality},
        year = 1961}

@book{quine61a,
        title="From a Logical Point of View",
        author=WVQ,
        publisher=HUP,
        year="1961",
        edition=2}

@book{quine63,
        author=WVQ,
        title="Set Theory and Its Logic",
        publisher=HUP,
        year="1963"}

@book{quine66,
        title="The Ways of Paradox and Other Essays",
        editor=WVQ,
        publisher=HUP,
        year="1966"}

@book{quine66a,
        author=WVQ,
        title="Selected Logic Papers",
        publisher=HUP,
        year="1966",
        edition="1"}

@book{quine69,
        title="Words and Objections: Essays on the work of W.V.~Quine",
        editor="Davidson and Hintikka",
        publisher=RP,
        year="1969"}

@book{quine86,
        author=WVQ,
        title={The Philosophy of {W}.{V}.~{Q}uine},
        editor="Lewis~Hahn and Paul~Schilpp",
        publisher=OCP,
        year="1986"}

@InCollection{quine86a,
        crossref = {quine86},
        author   = WVQ,
        title    = {Autobiography of {W}.{V}.~{Q}uine},
        part     = {I}}

@book{quine95,
        author=WVQ,
        title="Selected Logic Papers",
        publisher=HUP,
        year="1995",
        edition="2nd"}
