% Rbj's supplements to the FST bibliography.
%
% Organisation
% %%%%%%%%%%%%
%
% The organisation and entry types are:
%
%    1. string definitions
%    2. journal articles and books  (incollection, article or book type)
%    3. external technical papers   (projdoc or phdthesis type)
%    4. local technical papers      (projdoc type)
%    5. IED project documents       (projdoc type)
%
% The `projdoc' entry type is defined in the associated .bst file
%
% Conventions
% %%%%%%%%%%%
%
% These are evolving.
% 
% Keys:
%        For journal articles and books use the principal author's surname
%        with the last two digits of the year of publication
%        appended for that author's first article or book that year.
%        For subsequent works in the same year append `b', `c', ... .
%
%        For external and local technical papers use the identity.
%        If this is inappropriate (e.g. if the
%        external reference identity you want to appear in bibliographies
%        contains spaces) use a lower case abbreviation of the identity.
%        If that is inappropriate (e.g. if there is no suitable document
%        reference number to use as an identity), then invent an identity
%        based on the author's name as for a book. In this last case
%        you can explicitly set identity="", if you don't want the
%        invented identity to appear in the bibliography entry.
%
% Optional fields to fill in:
%
%        For `article' type give `volume' and `number' if appropriate and
%        give `pages' if at all possible.
%        For `incollection' type give `editor' and `pages' if appropriate.
%
%        For `projdoc' `identity' will normally be the same as the key
%        (apart from capitalisation) and may be omitted since the
%        style file will output the key as it was typed in the document
%        in its place. It need only be given if it contains underscores
%        or or other special LaTeX characters which need to be escaped,
%        (such characters should be omitted from the key),
%        or if you wish to suppress or vary its appearance in the actual
%        bibliographies and its use as a sort key (e.g. for an external
%        technical document, see harwood89b and luckham79 for examples.).
%
%
% 1. string definitions:
%
% We use these for names of common journals and publishers and for
% local authors etc.
%
@string{AJ="R.D. Arthan and R.B. Jones"}
@string{BM="R.S. Boyer and J.S. Moore"}
@string{AP="Academic Press"}
@string{AW="Addison-Wesley"}
@string{CCL="Cahier du Centre de Logique"}
@string{CUP="Cambridge University Press"}
@string{CESG="CESG"}
@string{EUP="Edinburgh University Press"}
@string{FM="Fundamenta Mathematica"}
@string{HEATH="D.C. Heath \& Co."}
@string{HPNY="Humanties Press, New York"}
@string{HUP="Harvard University Press"}
@string{JW="John Wiley \& Sons, Inc."}
@string{LNCS="Lecture Notes in Computer Science"}
@string{LNAI="Lecture Notes in Artifical Intelligence"}
@string{MM="MacMillan"}
@string{MH="McGraw-Hill Book Company"}
@string{NH="North Holland"}
@string{MIT="MIT Press"}
@string{OUP="Oxford University Press"}
@string{PH="Prentice-Hall"}
@string{PHI="Prentice/Hall International"}
@string{SV="Springer-Verlag"}
@string{WBC="Wadworth and Brook/Cole"}
@string{DS="ICL Secure Systems"}
@string{ISS="ICL Secure Systems"}
@string{L1="Lemma 1 Ltd."}
@string{L1URL="{\tt \url{http://www.lemma-one.com}}"}
@string{RDA="R.D. Arthan"}
@string{RDAEMAIL="{\tt rda@lemma-one.com}"}
@string{KB="K. Blackburn"}
@string{AJH="A.J. Hammon"}
@string{ACH="A.C. Hayward"}
@string{BJH="B.J. Homer"}
@string{CAJ="C.A. Jervis"}
@string{RBJ="Roger Bishop {Jones}"}
@string{GMP="G.M. Prout"}
@string{GTS="G.T. Scullard"}
@string{DJK="D.J. King"}
@string{RS="R. Stokes"}
@string{RSRE="MOD PE, RSRE"}
@string{DRA="Defence Research Agency, Malvern"}
@string{TP="Thoemmes Press"}
@string{TBA="Author TBA"}
@string{WIN="Winnersh"}
%
% 2. journal articles and books
%

@incollection{aczel77,
        author="Aczel, P.",
        title="An introduction to inductive definitions.",
        booktitle="Handbook of Mathematical Logic",
        editor="J. Barwise",
        publisher=NH,
        year="1977"}

@book{carnap35,
        author="Rudolf Carnap",
        title="Philosophy and Logical Syntax",
        publisher=TP,
        year=1996}

@book{carnap47,
        author="Carnap, Rudolf",
        title="Meaning and Necessity - a study in semantics and modal logic",
        publisher=UCP,
        year="1947"}

@incollection{carnap63,
        author="Carnap, Rudolf",
        title="Intellectual Autobiography",
        booktitle="The Philosophy of Rudolf Carnap",
        editor="Paul Schillp",
        publisher=OCP,
        year="1963"}

@book{forster92,
        author="T.E. Forster",
        title="Set Theory with a Universal Set - Exploring an Untyped Universe",
        publisher=OUP,
        year=1992}

@article{forster2006,
        title="Permutations and Well-Foundedness: the True Meaning of the Bizarre Arithmetic of Quine's NF",
        author="T.E.Forster",
        journal="Contemporary Mathematics",
        year="to appear"}

@book{hawking73,
        author="S.W. Hawking and G.F.R. Ellis",
        title="The large scale structure of space-time",
        publisher=CUP,
        year=1973}

@book{hawking73,
        author="S.W. Hawking and G.F.R. Ellis",
        title="The large scale structure of space-time",
        publisher=CUP,
        year=1973}

@book{holmes98,
        author="M.R. Holmes",
        title="Elementary Set Theory with a Universal Set",
        series=CCL,
        volume=10,
        year=1998}

@book{mackensie,
        author="MacKensie, Donald",
        title="Mechanising Proof - Computing, Risk and Trust",
        publisher=MIT,
        year=2001}

@incollection{paulson84,
        author="Paulson, L.C.",
        title="Deriving structural induction in LCF.",
        booktitle="Semantics of Data Types",
        editor="G. Kahn, D. B. MacQueen, G. Plotkin",
        publisher=SV,
        year="1984"}

@article{paulson93,
        title="Set theory for verification: I. From foundations to functions.",
        author="Paulson, L. C.",
        journal="J. Automated Reasoning 11",
        year="1993"}

@incollection{paulson94,
        author="Paulson, L. C.",
        title="A fixedpoint approach to implementing (co)inductive definitions (revised version).",
        booktitle="12th International Conf. on Automated Deduction",
        editor="A. Bundy",
        publisher=SV,
        series="Springer LNAI 814",
        year="1994"}

@article{paulson95,
        title="Set theory for verification: II. Induction and recursion.",
        author="Paulson, L. C.",
        journal="J. Automated Reasoning 15",
        year="1995"}

@article{paulson97,
        title="Mechanizing coinduction and corecursion in higher-order logic.",
        author="Paulson, L. C.",
        journal="J. Logic and Computation 7",
        year="1997"}

@incollection{paulson00,
        author="Paulson, L. C.",
        title="A fixedpoint approach to (co)inductive and (co)datatype definitions",
        booktitle="Proof, Language, and Interaction: Essays in Honour of Robin Milner",
        editor="G. Plotkin, C. Stirling, and M. Tofte",
        publisher=MIT,
        year="2000"}

@book{ramsey31,
        author="Ramsey, Frank Plumpton",
        title="The Foundations of Mathematics and Other Essays",
        publisher=HPNY,
        year=1931}

@incollection{tarski36,
        author="Tarski, Alfred",
        title="On the concept of logical consequence",
        booktitle="Logic, Semantics, Meta-mathematics",
        editor="John Corocoran",
        publisher=OUP,
        year="1956"}

@incollection{zermelo08,
        author="Zermelo, Ernst.",
        title="Investigations in the Foundations of Set Theory I",
        booktitle="From Frege to Goedel - A Source Book in Mathematical Logic, 1879-1931",
        editor="Van Heijenoort, Jean",
        publisher=HUP,
        year="1967"}

%
% 3. external technical papers
%

%
% 4. local technical papers
%

%  Ancient Essays

@article{jones82,
        title="Expert Systems in Decision Support",
        author=RBJ,
        note="\url{http://www.rbjones.com/rbjpub/rbjcv/papers/wp03.html}",
        date="1982/11/01"}

@article{jones85,
        title="Persistent Applicative Heaps and Knowledge Bases",
        author=RBJ,
        note="\url{http://www.rbjones.com/rbjpub/rbjcv/papers/wp32.html}",
        date="1985/07/07"}

@article{jones86a,
        title"Logical foundations and formal verification",
        author=RBJ,
        note="\url{http://www.rbjones.com/rbjpub/rbjcv/papers/dtc110.html}",
        date="1986/07/15"}

@article{jones86b,
        title"Creative Foundations for Program Verification",
        author=RBJ,
        note="\url{http://www.rbjones.com/rbjpub/rbjcv/papers/dtc25.html}",
        date="1986/07/28"}

@article{jones87,
        title"Logical Necessity and the Foundations of Mathematics",
        author=RBJ,
        note="\url{http://www.rbjones.com/rbjpub/rbjcv/papers/wp51.html}",
        date="1987"}

% The "t" series

@article{rbjt000,
        title="Introduction to Work in Progess",
        author=RBJ,
        note="\url{http://www.rbjones.com/rbjpub/pp/doc/t000.pdf}"}

@article{rbjt001,
        title="Analyticity and Abstraction",
        author=RBJ,
        note="\url{http://www.rbjones.com/rbjpub/pp/doc/t001.pdf}"}

@webpublished{rbjt002,
        title="The Formalisation of Physics",
        author=RBJ,
        url="\url{http://www.rbjones.com/rbjpub/pp/doc/t002.pdf}"}

@article{rbjt003,
        title="Some Differential Geometry",
        author=AJ,
        note="\url{http://www.rbjones.com/rbjpub/pp/doc/t003.pdf}"}

@article{rbjt004,
        title="Membership Structures",
        author=RBJ,
        note="\url{http://www.rbjones.com/rbjpub/pp/doc/t004.pdf}"}

@article{rbjt005,
        title="Well Founded Relations",
        author=RBJ,
        note="\url{http://www.rbjones.com/rbjpub/pp/doc/t005.pdf}"}

@article{rbjt006,
        title="Miscellaneous Theory Supplements",
        author=RBJ,
        note="\url{http://www.rbjones.com/rbjpub/pp/doc/t006.pdf}"}

@article{rbjt007,
        title="Inductive, Co-Inductive and Psuedo-(Co-)Inductive Definitions in ProofPower",
        author=RBJ,
        note="\url{http://www.rbjones.com/rbjpub/pp/doc/t007.pdf}"}

@article{rbjt008,
        title="Illustrations of (Pseudo-)(Co-)Inductive Definitions",
        author=RBJ,
        note="\url{http://www.rbjones.com/rbjpub/pp/doc/t008.pdf}"}

@article{rbjt009,
        title="Well-orderings and Well-foundedness",
        author=AJ,
        note="\url{http://www.rbjones.com/rbjpub/pp/doc/t009.pdf}"}

@article{rbjt010,
        title="Miscellaneous Tactics etc.",
        author=RBJ,
        note="\url{http://www.rbjones.com/rbjpub/pp/doc/t010.pdf}"}

@article{rbjt011,
        title="Unifying and Antiunifying Type and Term Nets",
        author=RBJ,
        note="\url{http://www.rbjones.com/rbjpub/pp/doc/t011.pdf}"}

@article{rbjt012,
        title="Backward Chaining",
        author=RBJ,
        note="\url{http://www.rbjones.com/rbjpub/pp/doc/t012.pdf}"}

@article{rbjt013,
        title="Z in HOL - the story of ProofPower",
        author=RBJ,
        note="\url{http://www.rbjones.com/rbjpub/pp/doc/t013.pdf}"}

@article{rbjt014,
        title="The Story of ProofPower",
        author=RBJ,
        note="\url{http://www.rbjones.com/rbjpub/pp/doc/t014.pdf}"}

@article{rbjt015,
        title="An Introduction to ProofPower",
        author=RBJ,
        note="\url{http://www.rbjones.com/rbjpub/pp/doc/t015.pdf}"}

@article{rbjt016,
        title="Formal Models of X-Logic",
        author=RBJ,
        note="\url{http://www.rbjones.com/rbjpub/pp/doc/t016.pdf}"}

@article{rbjt017,
        title="Category Theory",
        author=RBJ,
        note="\url{http://www.rbjones.com/rbjpub/pp/doc/t017.pdf}"}

@article{rbjt018,
        title="Category Theoretic Foundation Systems",
        author=RBJ,
        note="\url{http://www.rbjones.com/rbjpub/pp/doc/t018.pdf}"}

@article{rbjt019,
        title="NF and NFU in ProofPower-HOL",
        author=RBJ,
        note="\url{http://www.rbjones.com/rbjpub/pp/doc/t020.pdf}"}

@article{rbjt020,
        title="PolySet Theory",
        author=RBJ,
        note="\url{http://www.rbjones.com/rbjpub/pp/doc/t020.pdf}"}

@article{rbjp000,
        title="Philosophical Papers",
        author=RBJ,
        note="\url{http://www.rbjones.com/rbjpub/www/papers/p000.pdf}"}

@article{rbjp001,
        title="Semantic Foundations for Deductive Methods",
        author=RBJ,
        url="\url{http://www.rbjones.com/rbjpub/www/papers/p001.pdf}"}

@article{rbjp002,
        title="Analyticity and Abstraction",
        author=RBJ,
        note="\url{http://www.rbjones.com/rbjpub/www/papers/p002.pdf}"}

@article{rbjp003,
        title="On {\it how many} things there {\it might} be",
        author=RBJ,
        note="\url{http://www.rbjones.com/rbjpub/www/papers/p003.pdf}"}

@article{rbjp004,
        title="ProofPower",
        author=RBJ,
        note="\url{http://www.rbjones.com/rbjpub/www/papers/p004.pdf}"}

@article{rbjp005,
        title="Metaphysical and Logical Positivism Compared",
        author=RBJ,
        note="\url{http://www.rbjones.com/rbjpub/www/papers/p005.pdf}"}

@article{rbjp006,
        title="Philosophical Themes",
        author=RBJ,
        note="\url{http://www.rbjones.com/rbjpub/www/papers/p006.pdf}"}

@webpublished{rbjp007,
        title="An Assurance Calculus for X-Logic",
        author=RBJ,
        year=2005,
        url="\url{http://www.rbjones.com/rbjpub/www/papers/p007.pdf}"}

@webpublished{rbjp008,
        title="Metaphysical Positivism",
        author=RBJ,
        year=2005,
        url="\url{http://www.rbjones.com/rbjpub/www/papers/p008.pdf}"}

@webpublished{rbjp009,
        title="Metaphysical Problems",
        author=RBJ,
        year=2005,
        url="\url{http://www.rbjones.com/rbjpub/www/papers/p009.pdf}"}

@webpublished{rbjp010,
        title="Designing a Deductive Foundation System",
        author=RBJ,
        year=2006,
        url="\url{http://www.rbjones.com/rbjpub/www/papers/p010.pdf}"}

% DISTINCTIVE_LINE_FOR_sed
