%
% Organisation
% %%%%%%%%%%%%
%
% The organisation and entry types are:
%
%    1. string definitions
%    2. journal articles and books  (incollection, article or book type)
%    3. external technical papers   (projdoc or phdthesis type)
%
% Conventions
% %%%%%%%%%%%
%
% These are evolving.
% 
% Keys:
%        For journal articles and books use the principal author's surname
%        with the last two digits of the year of publication
%        appended for that author's first article or book that year.
%        For subsequent works in the same year append `b', `c', ... .
%
%        For external and local technical papers use the identity.
%        If this is inappropriate (e.g. if the
%        external reference identity you want to appear in bibliographies
%        contains spaces) use a lower case abbreviation of the identity.
%        If that is inappropriate (e.g. if there is no suitable document
%        reference number to use as an identity), then invent an identity
%        based on the author's name as for a book. In this last case
%        you can explicitly set identity="", if you don't want the
%        invented identity to appear in the bibliography entry.
%
% Optional fields to fill in:
%
%        For `article' type give `volume' and `number' if appropriate and
%        give `pages' if at all possible.
%        For `incollection' type give `editor' and `pages' if appropriate.
%
% 1. string definitions:
%
% We use these for names of common journals and publishers and for
% local authors etc.
%
@string{ANF="Arrow Non-Fiction"}
@string{AP="Academic Press"}
@string{AU="George Allen \& Unwin"}
@string{AUP="Automatic Press"}
@string{AW="Addison-Wesley"}
@string{BB="Basil Blackwell"}
@string{BP="Blackwell"}
@string{BM="R.S.~Boyer and J.S.~Moore"}
@string{CACM="Communications of the ACM"}
@string{CCL="Cahier du Centre de Logique"}
@string{CESG="CESG"}
@string{CP="Clarendon Press"}
@string{CUP="Cambridge University Press"}
@string{DO="Dover"}
@string{DK="Duckworth"}
@string{EM="Everyman"}
@string{EUP="Edinburgh University Press"}
@string{FM="Fundamenta Mathematica"}
@string{HEATH="D.C. Heath \& Co."}
@string{HOG="Hogarth Press"}
@string{HPNY="Humanties Press, New York"}
@string{HP="Harper Perennial"}
@string{HR="Harper and Row"}
@string{HU="Hutchinson"}
@string{HUP="Harvard University Press"}
@string{JAR="Journal of Automated Reasoning"}
@string{JP="The Journal of Philosophy"}
@string{JSL="Journal of Symbolic Logic"}
@string{JW="John Wiley \& Sons, Inc."}
@string{KP="Kegan and Paul"}
@string{LCL="Loeb Classical Library"}
@string{LNCS="Lecture Notes in Computer Science"}
@string{LNAI="Lecture Notes in Artifical Intelligence"}
@string{LMS="London Mathematical Society"}
@string{M="Methuen"}
@string{MH="McGraw-Hill Book Company"}
@string{MIND="Mind"}
@string{MIT="MIT Press"}
@string{MM="MacMillan"}
@string{NH="North Holland"}
@string{OUP="Oxford University Press"}
@string{OCP="Open Court Publishing"}
@string{PAAS="Proc. Amer. Acad. Arts and Sci."}
@string{PAS="Procedings of the Aristotelian Society"}
@string{PB="Penguin Books"}
@string{PC="Penguin Classics"}
@string{PCPS="Procedings of the Cambridge Philosophical Society"}
@string{PLMS="Procedings of the London Mathematical Society"}
@string{PRB="Profile Books"}
@string{PH="Prentice Hall"}
@string{PHI="Prentice Hall International"}
@string{PI="Pimlico"}
@string{PP="Phoenix Press"}
@string{PPQ="Pacific Philosophical Quarterly"}
@string{PR="Philosophical Review"}
@string{PS="Philosophical Studies"}
@string{PUP="Princeton University Press"}
@string{PVSDC="PVSpade.com"}
@string{RBJ="{Roger Bishop} Jones"}
@string{RBJDC="RBJones.com"}
@string{RBJEMAIL="{\tt rbj@rbjones.com}"}
@string{RC="Rudolf~Carnap"}
@string{RIP="Revue Internationale de Philosophie"}
@string{RKP="Routledge Kegan and Paul"}
@string{ROU="Routledge"}
@string{RP="Reidel Publishing"}
@string{RSRE="MOD PE, RSRE"}
@string{SV="Springer Verlag"}
@string{TBA="Author TBA"}
@string{TP="Thoemmes Press"}
@string{TPR="The Philosophical Review"}
@string{UCAP="University of California Press"}
@string{UCP="University of Chicago Press"}
@string{WBC="Wadworth and Brook/Cole"}
@string{WIN="Winnersh"}
@string{WVQ="W.V.~Quine"}
%
% 2. journal articles and books
%

@book{carnap21,
        author=RC,
        title="Der Raum. Ein Beitrag zur Wissenschaftslehre",
        note={Inaugural-Dissertation zur Erlangung der Doktorw{\ouml}rde der hohen philosophischen Fakult{\auml}t der Universit{\auml}t Jena},
        publisher={Universit{\auml}t Jena},
        year=1921}

@book{carnap28,
        author=RC,
        title="Der Logiche Aufbau der Welt",
        note={The logical structure of the world},
        publisher={Weltkreis-Verlag},
        year=1928}

@book{carnap28b,
        author=RC,
        title="Scheinprobleme in der philosophie: Das Fremdpsychische und der Realismusstreit",
        note={Psuedoproblems in Philosophy},
        publisher={Weltkreis-Verlag},
        year=1928}

@book{carnap29,
        author=RC,
        title="Abriss der Logistik",
        note={},
        publisher={Verlag von Julius Springer},
        year=1929}

@book{carnap29b,
        author="Hans~Hahn and Otto~Neurath and Rudolf~Carnap",
        title="The Scientific Conception of the World: The Vienna Circle",
        publisher={Artur Wolf Verlag},
        year=1929}

@book{carnap34,
        author=RC,
        title="Logiche Syntax der Sprach",
        publisher={Verlag von Julius Springer},
        year=1934}

@book{carnap35,
        author=RC,
        title="Philosophy and Logical Syntax",
        publisher=KP,
        year=1935}

@book{carnap37,
        author=RC,
        title="The Logical Syntax of Language",
        publisher=KP,
        year=1937}

@book{carnap42,
        author=RC,
        title="Introduction to Semantics",
        publisher=HUP,
        year="1942"}

@article{carnap46,
        author=RC,
        title="Modalities and Quantification",
        journal=JSL,
        volume=11,
        pages="33-64",
        year="1946"}

@book{carnap47,
        author=RC,
        title="Meaning and Necessity: a study in semantics and modal logic",
        publisher=UCP,
        edition="1st",
        year="1947"}

@article{carnap50,
        author=RC,
        title="Empiricism, Semantics and Ontology",
        journal=RIP,
        volume="4",
        number="11",
        pages="20-40",
        year="1950",
        note="Also in: \cite{carnap56}."}

@article{carnap52,
        author=RC,
        title="Meaning Postulates",
        journal=PS,
        volume=5,
        number=5,
        pages="65-73",
        note="Also in \cite{carnap56}.",
        year="1952"}

@article{carnap55,
        author=RC,
        title="Meaning and Synonymy in Natural Languages",
        journal=PS,
        volume=6,
        number=3,
        pages="33-47",
        note="Also in \cite{carnap56}.",
        year="1955"}

@book{carnap56,
        author=RC,
        title="Meaning and Necessity: a study in semantics and modal logic",
        publisher=UCP,
        edition="2nd",
        year="1956"}

@book{carnap56a,
        author=RC,
        title="Introduction to Symbolic Logic and Its Applications",
        publisher=DO,
        edition="2nd",
        year="1956"}

@incollection{carnap63,
        author=RC,
        title="Intellectual Autobiography",
        crossref="schilpp63"}

@incollection{carnap90,
        author={{W}.{V}.~{Q}uine and {R}udolf~{C}arnap},
        title="The {Q}uine-{C}arnap Correspondence",
        crossref="creath90"}

@book{copi67,
	author="Irving~M.~Copi and James~A.~Gould",
	title="Contemporary Readings in Logical Theory",
	publisher=MM,
	year="1967"}

@book{creath90,
        booktitle="The {Q}uine-{C}arnap Correspondence and Related Work",
        editor="Richard Creath",
        publisher=UCAP,
        year="1990"}

@incollection{frege79,
	crossref="heijenoort67",
	author="Gottlob Frege",
	title="Begriffsschrift",
        booktitle="From Frege to Godel: A Sourcebook in Mathematical Logic"}

@book{frege52,
	title="Translations from the philosophical writings of Gottlob Frege",
        editor="Peter Geach and Max Black",    
	publisher=BP,
	year="1952"}

@incollection{frege92,
        crossref="frege52",
	author="Gottlob Frege",
	title="On Sense and Meaning",
	year="1892"}

@book{frege80,
	author="Gottlob Frege",
	title="The Foundations of Arithmetic",
	publisher=BB,
	year="1980"}

@book{frege84,
	author="Gottlob Frege",
	title="Die Grundlagen der Arithmetik",
	publisher="Breslau",
	year="1884"}

@book{frege93,
	author="Gottlob Frege",
	title="Grundgesetze der Arithmetik",
        volume="1",
	publisher="Jena",
	year="1893"}

@book{frege03,
	author="Gottlob Frege",
	title="Grundgesetze der Arithmetik",
        volume="2",
	publisher="Jena",
	year="1903"}

@book{heijenoort67,
        title="From Frege to Goedel - A Source Book in Mathematical Logic, 1879-1931",
        booktitle="From Frege to Goedel - A Source Book in Mathematical Logic, 1879-1931",
        editor="Van Heijenoort, Jean",
        publisher=HUP,
        year="1967"}

@book{hume39,
	author="David Hume",
	title="A Treatise of Human Nature",
        publisher="",
	year="1739"}

@book{hume48,
	author="David Hume",
	title="An Enquiry Concerning Human Understanding",
        publisher="",
	year="1748"}

@book{hylton07,
	author="Peter Hylton",
	title="Quine",
	publisher=ROU,
	year="2007"}

@book{hylton90,
	author="Peter Hylton",
	title="Russell, Idealism and the Emergence of Analytic Philosophy",
	publisher=OUP,
	year="1990"}

@book{kolakowski66,
        author="Leszek Kolakowski",
        title="Positivist Philosophy",
        publisher=PB,
        year=1966}

@book{kripke72,
        author="{S}aul~{A}.~{K}ripke",
        title="Naming and Necessity",
        publisher=HUP,
        year=1972}

@book{leibniz66,
        author="Gottfried Wilhelm Leibniz",
        title="Dissertatio de arte combinatoria",
        publisher="Akademie Verlag",
        year=1666,
        note="SÃ¤mtliche Schriften und Briefe (Berlin: Akademie Verlag, 1923), A VI 1, p. 163; Philosophische Schriften (Gerhardt) Bd. IV p. 30;"}

@incollection{leibniz86,
	author="Gottfried Wilhelm Leibniz",
	title="Necessary and Contingent Truth",
        booktitle="Philosophical Writings",
        editor="G.H.R.Parkinson",    
	publisher=EM,
	year="1686"}

@incollection{leibniz14,
	author="Gottfried Wilhelm Leibniz",
	title="The Mondadology",
        booktitle="Philosophical Writings",
        editor="G.H.R.Parkinson",    
	publisher=EM,
	year="1714"}

@book{quine34,
        author = WVQ,
        title = {A system of logistic},
        publisher=HUP,
        year = 1934}

@incollection{quine36,
        crossref="quine66",
        author=WVQ,
        title="Truth by Convention",
        year="1936"}

@article{quine43,
        author=WVQ,
        title="Notes on Existence and Necessity",
        journal=JP,
        volume=40,
        part=5,
        pages="113-127",
        year=1943}

@article{quine47,
        author=WVQ,
        title="The Problem of Interpreting Modal Logic",
        journal=JSL,
        volume=12,
        pages="42-48",
        year=1947,
        note="Also in \cite{copi67}."}

@article{quine48,
        author=WVQ,
        title="On what there is",
        journal=RM,
        volume=2,
        pages="21-38",
        year=1948,
        note="Also in \cite{quine53}"}

@article{quine51,
        author=WVQ,
        title="On Carnap's views on ontology",
        journal=PS,
        volume="2",
        pages="65-72",
        year="1951",
        note="Also in \cite{quine66}."}

@article{quine51a,
        author=WVQ,
        title="Semantics and abstract objects",
        journal=PAAS,
        volume="80",
        pages="90-96",
        year="1951",
        note="Also in \cite{quine53}"}

@article{quine51b,
        author=WVQ,
        title="Two Dogmas of Empiricism",
        journal=PR,
        volume="60",
        pages="20-43",
        year="1951",
        note="Also in \cite{quine61a}."}

@article{quine53,
        author=WVQ,
        title="On mental entities",
        journal=PAAS,
        volume="80",
        pages="198-203",
        year="1953"}

@article{quine53a,
        author=WVQ,
        title="Three grades of modal involvement",
        journal="Proceedings XI International Congress of Philosophy",
        volume="14",
        pages="65-81",
        year="1953",
        note="Also in \cite{quine66}."}

@InCollection{quine61,
        crossref ="quine61a",
        author = WVQ,
        title = "Reference and Modality",
        year = 1961}

@book{quine61a,
        booktitle="From a Logical Point of View",
        title="From a Logical Point of View",
        author=WVQ,
        publisher=HUP,
        year="1961",
        edition="2nd"}

@book{quine63,
        author=WVQ,
        title="Set Theory and Its Logic",
        publisher=HUP,
        year="1963"}

@book{quine66,
        author=WVQ,
        booktitle="The Ways of Paradox and Other Essays",
        title="The Ways of Paradox and Other Essays",
        publisher=HUP,
        year="1966"}

@book{quine66a,
        author=WVQ,
        title="Selected Logic Papers",
        publisher=HUP,
        year="1966",
        edition="1st"}

@book{quine69,
        title="Words and Objections: Essays on the work of W.V.~Quine",
        editor="Davidson and Hintikka",
        publisher=RP,
        year="1969"}

@book{quine86,
        title={The Philosophy of {W}.{V}.~{Q}uine},
        editor="Lewis~Hahn and Paul~Schilpp",
        publisher=OCP,
        year="1986"}

@InCollection{quine86a,
        crossref = "quine86",
        author   = WVQ,
        title    = {Autobiography of {W}.{V}.~{Q}uine},
        part     = {I}}

@book{quine95,
        author=WVQ,
        title="Selected Logic Papers",
        publisher=HUP,
        year="1995",
        edition="2nd"}

@book{russell00,
	author="Bertrand~Russell",
	title="The Philosophy of Leibniz",
        publisher=AU,
	year="1900"}

@book{russell03,
        author="Russell, Bertrand",
        title="The Principles of Mathematics",
        publisher=CUP,
        year=1903}

@incollection{russell05,
        crossref="russell56",
	author="Bertrand Russell",
	title="On Denoting",
        year=1905}

@incollection{russell08,
	crossref="heijenoort67",
        author="Bertrand Russell",
	title="Mathematical Logic as Based on the Theory of Types",
	year="1908",
        }

@book{russell10,
        author="Whitehead, Alfred North and Russell, Bertrand",
        title="Principia Mathematica",
        publisher=CUP,
        year="1910-1913"}

@book{russell11,
	author="Bertrand~Russell",
	title="The Problems of Philosophy",
	year="1911"}

@incollection{russell14,
        crossref="russell17",
	author="Bertrand Russell",
	title="On Scientific Method in Philosophy"}

@book{russell17,
	author="Bertrand~Russell",
	title="Mysticism and Logic",
	publisher=RKP,
	year="1917"}

@incollection{russell18,
        crossref="russell56",
	author="Bertrand~Russell",
	title="The Philosophy of Logical Atomism",
        year="1918"}

@book{russell19,
        author="Bertrand Russell",
        title="Introduction to Mathematical Philosophy",
        publisher="George Allen and Uniwin",
        year="1919"}

@book{russell21,
	author="Bertrand~Russell",
	title="Our Knowledge of the External World, as a Field for Scientific Method in Philosophy",
	publisher=CUP,
	year="1921"}

@book{russell56,
	author="Bertrand~Russell",
        title="Logic and Knowledge",
	publisher=ROU,
	year="1956"}

@book{russell70,
	author="Bertrand~Russell and Alfred~North~Whitehead",
	title="Principia Mathematica to *56",
	publisher=CUP,
	year="1970"}

@book{russellp82,
        author="Peter Russell",
        title="The Awakening Earth: The Global Brain",
        publisher=RKP,
        ISBN="978-0863156168",
        year="1982"}

@book{scruton97,
        author="Roger Scruton",
        title="Modern Philosophy - an introduction and survey",
        publisher=ANF,
        year=1997}

@book{sextusempiricus33,
        author="Sextus Empiricus",
        title="Outlines of Pyrrhonism",
        publisher=HUP,
        year=1933}

@book{wittgenstein21,
	author="Ludwig Wittgenstein",
	title="Tractatus Logico-Philosophicus",
	publisher=RKP,
	year="1961"}

@book{wittgenstein53,
	author="Ludwig Wittgenstein",
	title="Philosophical Investigations",
	publisher=BB,
	year="1963"}
