@book{goldman1999social,
  title={Social epistemology},
  author={Goldman, Alvin I.},
  year={1999},
  publisher={Oxford University Press, USA}
}

@book{fuller1993social,
  title={The social epistemology of scientific knowledge},
  author={Fuller, Steve},
  year={1993},
  publisher={Indiana University Press}
}

@book{goldman2007social,
  title={The social dimensions of knowledge},
  author={Goldman, Alvin I. and O'Shea, James},
  year={2007},
  publisher={Oxford University Press, USA}
}

@book{polanyi1966knowledge,
  title={Knowledge as social action: A study in the philosophy of science},
  author={Polanyi, Michael},
  year={1966},
  publisher={University of Chicago Press}
}

@book{hacking1999context,
  title={The context of knowledge},
  author={Hacking, Ian},
  year={1999},
  publisher={Oxford University Press, USA}
}
