% Rbj's supplements to the FST bibliography.
%
% Organisation
% %%%%%%%%%%%%
%
% The organisation and entry types are:
%
%    1. string definitions
%    2. journal articles and books  (incollection, article or book type)
%    3. external technical papers   (projdoc or phdthesis type)
%    4. local technical papers      (projdoc type)
%    5. IED project documents       (projdoc type)
%
% The `projdoc' entry type is defined in the associated .bst file
%
% Conventions
% %%%%%%%%%%%
%
% These are evolving.
% 
% Keys:
%        For journal articles and books use the principal author's surname
%        with the last two digits of the year of publication
%        appended for that author's first article or book that year.
%        For subsequent works in the same year append `b', `c', ... .
%
%        For external and local technical papers use the identity.
%        If this is inappropriate (e.g. if the
%        external reference identity you want to appear in bibliographies
%        contains spaces) use a lower case abbreviation of the identity.
%        If that is inappropriate (e.g. if there is no suitable document
%        reference number to use as an identity), then invent an identity
%        based on the author's name as for a book. In this last case
%        you can explicitly set identity="", if you don't want the
%        invented identity to appear in the bibliography entry.
%
% Optional fields to fill in:
%
%        For `article' type give `volume' and `number' if appropriate and
%        give `pages' if at all possible.
%        For `incollection' type give `editor' and `pages' if appropriate.
%
%        For `projdoc' `identity' will normally be the same as the key
%        (apart from capitalisation) and may be omitted since the
%        style file will output the key as it was typed in the document
%        in its place. It need only be given if it contains underscores
%        or or other special LaTeX characters which need to be escaped,
%        (such characters should be omitted from the key),
%        or if you wish to suppress or vary its appearance in the actual
%        bibliographies and its use as a sort key (e.g. for an external
%        technical document, see harwood89b and luckham79 for examples.).
%
%
% 1. string definitions:
%
% We use these for names of common journals and publishers and for
% local authors etc.
%
@string{AJ="R.D. Arthan and R.B. Jones"}
@string{AU="George Allen \& Unwin"}
@string{BB="Basil Blackwell"}
@string{BP="Blackwell"}
@string{BM="R.S. Boyer and J.S. Moore"}
@string{AP="Academic Press"}
@string{AW="Addison-Wesley"}
@string{CACM="Communications of the ACM"}
@string{CCL="Cahier du Centre de Logique"}
@string{CUP="Cambridge University Press"}
@string{CESG="CESG"}
@string{DO="Dover"}
@string{DK="Duckworth"}
@string{EM="Everyman"}
@string{EUP="Edinburgh University Press"}
@string{FM="Fundamenta Mathematica"}
@string{HEATH="D.C. Heath \& Co."}
@string{HOG="Hogarth Press"}
@string{HPNY="Humanties Press, New York"}
@string{HR="Harper and Row"}
@string{HUP="Harvard University Press"}
@string{JAR="Journal of Automated Reasoning"}
@string{JSL="Journal of Symbolic Logic"}
@string{JW="John Wiley \& Sons, Inc."}
@string{L1="Lemma 1 Ltd."}
@string{L1URL="{\tt \url{http://www.lemma-one.com}}"}
@string{LNCS="Lecture Notes in Computer Science"}
@string{LNAI="Lecture Notes in Artifical Intelligence"}
@string{MM="MacMillan"}
@string{MH="McGraw-Hill Book Company"}
@string{NH="North Holland"}
@string{MIT="MIT Press"}
@string{OUP="Oxford University Press"}
@string{OCP="Open Court Publishing"}
@string{PAS="Procedings of the Aristotelian Society"}
@string{PB="Penguin Books"}
@string{PRB="Profile Books"}
@string{PH="Prentice-Hall"}
@string{PHI="Prentice/Hall International"}
@string{SV="Springer-Verlag"}
@string{TP="Thoemmes Press"}
@string{UCP="University of Chicago Press"}
@string{WBC="Wadworth and Brook/Cole"}
@string{DS="ICL Secure Systems"}
@string{ISS="ICL Secure Systems"}
@string{RBJ="Roger Bishop {Jones}"}
@string{RBJDC="rbjones.com"}
@string{RBJEMAIL="{\tt rbjones@rbjones.com}"}
@string{L1="Lemma 1 Ltd."}
@string{L1URL="\url{http://www.lemma-one.com}"}
@string{RDA="R.D. Arthan"}
@string{RDAEMAIL="{\tt rda@lemma-one.com}"}
@string{KB="K. Blackburn"}
@string{AJH="A.J. Hammon"}
@string{ACH="A.C. Hayward"}
@string{BJH="B.J. Homer"}
@string{CAJ="C.A. Jervis"}
@string{RBJ="Roger Bishop Jones"}
@string{DJK="D.J. King"}
@string{GMP="G.M. Prout"}
@string{GTS="G.T. Scullard"}
@string{RS="R. Stokes"}
@string{RSRE="MOD PE, RSRE"}
@string{DRA="Defence Research Agency, Malvern"}
@string{TBA="Author TBA"}
@string{WIN="Winnersh"}
@string{RKP="Routledge Kegan and Paul"}
@string{ROU="Routledge"}
@string{SV="Springer-Verlag"}
@string{TP="Thoemmes Press"}
@string{WBC="Wadworth and Brook/Cole"}
%
% 2. journal articles and books
%

@incollection{aczel77,
        author="Aczel, P.",
        title="An introduction to inductive definitions.",
        booktitle="Handbook of Mathematical Logic",
        editor="J. Barwise",
        publisher=NH,
        year="1977"}

@book{carnap35,
        author="Rudolf Carnap",
        title="Philosophy and Logical Syntax",
        publisher=TP,
        year=1996}

@book{carnap47,
        author="Carnap, Rudolf",
        title="Meaning and Necessity - a study in semantics and modal logic",
        publisher=UCP,
        year="1947"}

@incollection{carnap63,
        author="Carnap, Rudolf",
        title="Intellectual Autobiography",
        booktitle="The Philosophy of Rudolf Carnap",
        editor="Paul Schillp",
        publisher=OCP,
        year="1963"}

@article{church36,
        author="Church, Alonzo",
        title="An Unsolvable Problem of Elementary Number Theory",
        journal="American Journal of Mathematics",
        volume="58",
        pages="345-363",
        year="1936"}

@article{church40,
        title="The Simple Theory of Types",
        author="Church, Alonzo",
        journal="J. Symbolic Logic",
        year="1940"}

@article{debruijn72,
        title="Lambda-Calculus Notation with Nameless Dummies, a Tool for Automatic Formula Manipulation with Application to the Church Rosser Theorem",
        author="N.G. {De Bruijn}",
        journal="Indag Math. 34, 5",
        volume="34",
        number="5",
        pages="381-392",
        year="1972"}

@book{forster92,
        author="T.E. Forster",
        title="Set Theory with a Universal Set - Exploring an Untyped Universe",
        publisher=OUP,
        year=1992}

@webpublished{forster2005,
        title="Church's Set Theory with a Universal Set",
        author="T.E. Forster",
        year=2005,
        url="\url{http://www.dpms.cam.ac.uk/~tp/churchlatest.ps}"}

@article{forster2006,
        title="Permutations and Well-Foundedness: the True Meaning of the Bizarre Arithmetic of Quine's NF",
        author="T.E. Forster",
        journal="Contemporary Mathematics",
        year="to appear"}

@book{hacker1996,
	author="P.M.S.~Hacker",
	title="Wittgenstein's Place in Twentieth-Century Analytic Philosophy",
	publisher=BB,
	year="1996"}

@book{haleCPL,
  editor =		 {Bob Hale and Crispin Wright},
  title = 		 {A Companion to the Philosophy of Language},
  publisher = 	 {BP},
  year = 		 1997,
  series =		 {Blackwell Companions to Philosophy}}

@book{hardyMA,
	author="G.M.~Hardy",
	title="A Mathematician's Apology",
	publisher=CUP,
	year="1967"}

@book{hawking73,
        author="S.W. Hawking and G.F.R. Ellis",
        title="The large scale structure of space-time",
        publisher=CUP,
        year=1973}

@book{heath1921,
	author="Sir Thomas Heath",
	title="A History of Greek Mathematics",
	publisher=Dover,
	year="1921"}

@book{hawking73,
        author="S.W. Hawking and G.F.R. Ellis",
        title="The large scale structure of space-time",
        publisher=CUP,
        year=1973}

@article{JPAG08,
        title="Governance and Accountability for Local Councils: A Practitioner's Guide 2008 (England)",
        author="JPAG",
        year="2008"}

@book{jech2002,
        author="Jech",
        title="Set Theory",
        publisher=SV,
        year=2002}

@book{mackensie,
        author="MacKensie, Donald",
        title="Mechanising Proof - Computing, Risk and Trust",
        publisher=MIT,
        year=2001}

@incollection{paulson84,
        author="Paulson, L.C.",
        title="Deriving structural induction in LCF.",
        booktitle="Semantics of Data Types",
        editor="G. Kahn, D. B. MacQueen, G. Plotkin",
        publisher=SV,
        year="1984"}

@article{paulson93,
        title="Set theory for verification: I. From foundations to functions.",
        author="Paulson, L. C.",
        journal="J. Automated Reasoning 11",
        year="1993"}

@incollection{paulson94,
        author="Paulson, L. C.",
        title="A fixedpoint approach to implementing (co)inductive definitions (revised version).",
        booktitle="12th International Conf. on Automated Deduction",
        editor="A. Bundy",
        publisher=SV,
        series="Springer LNAI 814",
        year="1994"}

@article{paulson95,
        title="Set theory for verification: II. Induction and recursion.",
        author="Paulson, L. C.",
        journal="J. Automated Reasoning 15",
        year="1995"}

@article{paulson97,
        title="Mechanizing coinduction and corecursion in higher-order logic.",
        author="Paulson, L. C.",
        journal="J. Logic and Computation 7",
        year="1997"}

@incollection{paulson00,
        author="Paulson, L. C.",
        title="A fixedpoint approach to (co)inductive and (co)datatype definitions",
        booktitle="Proof, Language, and Interaction: Essays in Honour of Robin Milner",
        editor="G. Plotkin, C. Stirling, and M. Tofte",
        publisher=MIT,
        year="2000"}

@book{popkin03,
        author="Popkin, Richard",
        title="The History of Scepticism",
        publisher=OUP,
        year=2003}

@incollection{quine53,
        author="Quine W.V.",
        title="Two Dogmas of Empiricism",
        booktitle="From a Logical Point of View",
        publisher="Harper \& Row",
        year="2003"}

@book{ramsey31,
        author="Ramsey, Frank Plumpton",
        title="The Foundations of Mathematics and Other Essays",
        publisher=HPNY,
        year=1931}

@incollection{russell08,
        author="Bertrand Russell",
        title="Mathematical Logic as Based on the Theory of Types",
        booktitle="From Frege to Goedel - a source book in mathematical logic (1879-1931)",
        publisher="HUP",
        year="1908"}

@book{russell10,
        author="Bertrand Russell and Alfred North Whitehead",
        title="Principia Mathematica",
        publisher="CUP",
        year="1910-13"}

@book{russell19,
        author="Bertrand Russell",
        title="Introduction to Mathematical Philosophy",
        publisher="George Allen and Uniwin",
        year="1919"}

@book{smullyan77,
        author="Smullyan, Raymond M.",
        title="The Tao is Silent",
        publisher=HR,
        year=1977}

@book{sokal1998,
	author="Alan Sokal and Jean Bricmont",
	title="Intellectual Impostures",
	publisher=PRB,
	year="1998"}

@incollection{tarski36,
        author="Tarski, Alfred",
        title="On the concept of logical consequence",
        booktitle="Logic, Semantics, Meta-mathematics",
        editor="John Corocoran",
        publisher=OUP,
        year="1956"}

@book{wittgenstein1921,
	author="Ludwig Wittgenstein",
	title="Tractatus Logico-Philosophicus",
	publisher=RKP,
	year="1961"}

@book{wittgenstein1953,
	author="Ludwig Wittgenstein",
	title="Philosophical Investigations",
	publisher=BB,
	year="1963"}

@incollection{zermelo08,
        author="Zermelo, Ernst.",
        title="Investigations in the Foundations of Set Theory I",
        booktitle="From Frege to Goedel - A Source Book in Mathematical Logic, 1879-1931",
        editor="Van Heijenoort, Jean",
        publisher=HUP,
        year="1967"}

%
% 3. external technical papers
%

%
% 4. local technical papers
%

%  Ancient Essays

@article{jones82,
        title="Expert Systems in Decision Support",
        author=RBJ,
        note="\url{http://www.rbjones.com/rbjpub/rbjcv/papers/wp03.html}",
        date="1982/11/01",
        year=1982}

@article{jones85,
        title="Persistent Applicative Heaps and Knowledge Bases",
        author=RBJ,
        note="\url{http://www.rbjones.com/rbjpub/rbjcv/papers/wp32.html}",
        date="1985/07/07",
        year=1985}

@article{jones86a,
        title="Logical foundations and formal verification",
        author=RBJ,
        note="\url{http://www.rbjones.com/rbjpub/rbjcv/papers/dtc110.html}",
        date="1986/07/15",
        year=1986}

@article{jones86b,
        title="Creative Foundations for Program Verification",
        author=RBJ,
        note="\url{http://www.rbjones.com/rbjpub/rbjcv/papers/dtc25.html}",
        date="1986/07/28",
        year=1986}

@article{jones87,
        title="Logical Necessity and the Foundations of Mathematics",
        author=RBJ,
        note="\url{http://www.rbjones.com/rbjpub/rbjcv/papers/wp51.html}",
        year=1987}

% Isar documents

@webpublished{rbjX-Logic,
        title="X-Logic",
        author=RBJ,
        year=2006,
        url="\url{http://www.rbjones.com/rbjpub/isar/HOL/X-Logic.pdf}"}

@webpublished{rbjMembership,
        title="Membership Structures",
        author=RBJ,
        year=2006,
        url="\url{http://www.rbjones.com/rbjpub/isar/HOL/Membership.pdf}"}

@webpublished{jones06a,
        title="The Theory of PolySets and its Applications",
        author=RBJ,
        year=2006,
        url="\url{http://www.rbjones.com/rbjpub/isar/HOL/PolySets.pdf}"}

% the "p" series (ProofPower documents)

@webpublished{rbjp000,
        title="Philosophical Papers",
        author=RBJ,
        year=2005,
        url="\url{http://www.rbjones.com/rbjpub/www/papers/p000.pdf}"}

@webpublished{rbjp001,
        title="Semantic Foundations for Deductive Methods",
        author=RBJ,
        year=2004,
        url="\url{http://www.rbjones.com/rbjpub/www/papers/p001.pdf}"}

@webpublished{rbjp002,
        title="Analyticity and Abstraction",
        author=RBJ,
        year=2005,
        url="\url{http://www.rbjones.com/rbjpub/www/papers/p002.pdf}"}

@webpublished{rbjp003,
        title="On {\it how many} things there {\it might} be",
        author=RBJ,
        year=2005,
        url="\url{http://www.rbjones.com/rbjpub/www/papers/p003.pdf}"}

@webpublished{rbjp004,
        title="ProofPower",
        author=RBJ,
        year=2005,
        url="\url{http://www.rbjones.com/rbjpub/www/papers/p004.pdf}"}

@webpublished{rbjp005,
        title="Metaphysical and Logical Positivism Compared",
        author=RBJ,
        year=2005,
        url="\url{http://www.rbjones.com/rbjpub/www/papers/p005.pdf}"}

@webpublished{rbjp006,
        title="Philosophical Themes",
        author=RBJ,
        year=2005,
        url="\url{http://www.rbjones.com/rbjpub/www/papers/p006.pdf}"}

@webpublished{rbjp007,
        title="An Assurance Calculus for X-Logic",
        author=RBJ,
        year=2005,
        url="\url{http://www.rbjones.com/rbjpub/www/papers/p007.pdf}"}

@webpublished{rbjp008,
        title="Metaphysical Positivism",
        author=RBJ,
        year=2005,
        url="\url{http://www.rbjones.com/rbjpub/www/papers/p008.pdf}"}

@webpublished{rbjp009,
        title="Metaphysical Problems",
        author=RBJ,
        year=2005,
        url="\url{http://www.rbjones.com/rbjpub/www/papers/p009.pdf}"}

@webpublished{rbjp010,
        title="Designing a Deductive Foundation System",
        author=RBJ,
        year=2006,
        url="\url{http://www.rbjones.com/rbjpub/www/papers/p010.pdf}"}

@webpublished{rbjp011,
        title="PolySets",
        author=RBJ,
        year=2006,
        url="\url{http://www.rbjones.com/rbjpub/www/papers/p011.pdf}"}

@webpublished{rbjp012,
        title="X-Logic - realising the dream of Leibniz",
        author=RBJ,
        year=2007,
        url="\url{http://www.rbjones.com/rbjpub/www/papers/p012.pdf}"}

@webpublished{rbjp013,
        title="Abstract Ontology",
        author=RBJ,
        year=2008,
        url="\url{http://www.rbjones.com/rbjpub/www/papers/p013.pdf}"}

@webpublished{rbjp014,
        title="Anarchy and Tao",
        author=RBJ,
        year=2008,
        url="\url{http://www.rbjones.com/rbjpub/www/papers/p014.pdf}"}

@webpublished{rbjp015,
        title="Tools for Logical Analysis",
        author=RBJ,
        year=2008,
        publisher=RBJDC,
        url="\url{http://www.rbjones.com/rbjpub/www/papers/p015.pdf}"}

@webpublished{rbjp016,
        title="A Foundational Programme",
        author=RBJ,
        year=2011,
        publisher=RBJDC,
        url="\url{http://www.rbjones.com/rbjpub/www/papers/p016.pdf}"}

@webpublished{rbjp017,
        title="The Semantics of Set Theory",
        author=RBJ,
        year=2011,
        publisher=RBJDC,
        url="\url{http://www.rbjones.com/rbjpub/www/papers/p017.pdf}"}

@webpublished{rbjp018,
        title="Conservative Extension in HOL",
        author=RBJ,
        year=2012,
        publisher=RBJDC,
        url="\url{http://www.rbjones.com/rbjpub/www/papers/p018.pdf}"}

@webpublished{rbjp019,
        title="What is Philosophy?",
        author=RBJ,
        year=2012,
        publisher=RBJDC,
        url="\url{http://www.rbjones.com/rbjpub/www/papers/p019.pdf}"}

@webpublished{rbjp020,
        title="Tao and Anarchy",
        author=RBJ,
        year=2012,
        publisher=RBJDC,
        url="\url{http://www.rbjones.com/rbjpub/www/papers/p020.pdf}"}

@webpublished{rbjp021,
        title="Abstract for SOTFOM II",
        author=RBJ,
        year=2012,
        publisher=RBJDC,
        url="\url{http://www.rbjones.com/rbjpub/www/papers/p021.pdf}"}

@webpublished{rbjp022,
        title="Why Foundations Matter",
        author=RBJ,
        year=2012,
        publisher=RBJDC,
        url="\url{http://www.rbjones.com/rbjpub/www/papers/p022.pdf}"}

@webpublished{rbjp023,
        title="RBJ Blog drafts",
        author=RBJ,
        year=2012,
        publisher=RBJDC,
        url="\url{http://www.rbjones.com/rbjpub/www/papers/p023.pdf}"}

@webpublished{rbjp024,
        title="The Future of Humanity",
        author=RBJ,
        year=2019,
        publisher=RBJDC,
        url="\url{http://www.rbjones.com/rbjpub/www/papers/p024.pdf}"}

@webpublished{rbjp025,
        title="Rationality",
        author=RBJ,
        year=2019,
        publisher=RBJDC,
        url="\url{http://www.rbjones.com/rbjpub/www/papers/p025.pdf}"}

@webpublished{rbjp026,
        title="A Philosophical Kernel for Formal Deductive Analysis",
        author=RBJ,
        year=2019,
        publisher=RBJDC,
        url="\url{http://www.rbjones.com/rbjpub/www/papers/p026.pdf}"}

@webpublished{rbjp027,
        title="Scepticism and Positivism",
        author=RBJ,
        year=2019,
        publisher=RBJDC,
        url="\url{http://www.rbjones.com/rbjpub/www/papers/p027.pdf}"}

@webpublished{rbjp028,
        title="Scepticism and Positivism",
        author=RBJ,
        year=2019,
        publisher=RBJDC,
        url="\url{http://www.rbjones.com/rbjpub/www/papers/p028.pdf}"}

@webpublished{rbjp029,
        title="Scepticism and Positivism",
        author=RBJ,
        year=2019,
        publisher=RBJDC,
        url="\url{http://www.rbjones.com/rbjpub/www/papers/p029.pdf}"}

@webpublished{rbjp030,
        title="Scepticism and Positivism",
        author=RBJ,
        year=2019,
        publisher=RBJDC,
        url="\url{http://www.rbjones.com/rbjpub/www/papers/p030.pdf}"}

@webpublished{rbjp031,
        title="Should we have a written constitution",
        author=RBJ,
        year=2020,
        publisher=RBJDC,
        url="\url{http://www.rbjones.com/rbjpub/www/papers/p031.pdf}"}

@webpublished{rbjp032,
        title="Prolegomenon to A Progressive Democratic Constitution for The United Kingdom",
        author=RBJ,
        year=2020,
        publisher=RBJDC,
        url="\url{http://www.rbjones.com/rbjpub/www/papers/p032.pdf}"}

@webpublished{rbjp033,
        title="Failing Democracies and How to Fix Them",
        author=RBJ,
        year=2020,
        publisher=RBJDC,
        url="\url{http://www.rbjones.com/rbjpub/www/papers/p033.pdf}"}

@webpublished{rbjp034,
        title="Some Scientific Scepticism",
        author=RBJ,
        year=2021,
        publisher=RBJDC,
        url="\url{http://www.rbjones.com/rbjpub/www/papers/p034.pdf}"}

@webpublished{rbjp035,
        title="Urls on Orenstein on Quine",
        author=RBJ,
        year=2021,
        publisher=RBJDC,
        url="\url{http://www.rbjones.com/rbjpub/www/papers/p035.pdf}"}

@webpublished{rbjp036,
        title="Philosophy and Evolution",
        author=RBJ,
        year=2021,
        publisher=RBJDC,
        url="\url{http://www.rbjones.com/rbjpub/www/papers/p036.pdf}"}

@webpublished{rbjp037,
        title="Philosophical Foundations for Liberal Democracy",
        author=RBJ,
        year=2021,
        publisher=RBJDC,
        url="\url{http://www.rbjones.com/rbjpub/www/papers/p037.pdf}"}

@webpublished{rbjp038,
        title="The Paradox of Repressive Tolerance",
        author=RBJ,
        year=2021,
        publisher=RBJDC,
        url="\url{http://www.rbjones.com/rbjpub/www/papers/p038.pdf}"}

@webpublished{rbjp039,
        title="The Tyrrany of the Tribe and the Roots of Reason",
        author=RBJ,
        year=2021,
        publisher=RBJDC,
        url="\url{http://www.rbjones.com/rbjpub/www/papers/p039.pdf}"}

@webpublished{rbjp040,
        title="The Systemic Incoherence and Ethical Bancruptcy of Critical Theory",
        author=RBJ,
        year=2021,
        publisher=RBJDC,
        url="\url{http://www.rbjones.com/rbjpub/www/papers/p040.pdf}"}

@webpublished{rbjp041,
        title="The Mind Body Problem and Consciousness",
        author=RBJ,
        year=2021,
        publisher=RBJDC,
        url="\url{http://www.rbjones.com/rbjpub/www/papers/p041.pdf}"}

@webpublished{rbjp042,
        title="Epistemic Futures",
        author=RBJ,
        year=2021,
        publisher=RBJDC,
        url="\url{http://www.rbjones.com/rbjpub/www/papers/p042.pdf}"}

@webpublished{rbjp043,
        title="On Gender",
        author=RBJ,
        year=2021,
        publisher=RBJDC,
        url="\url{http://www.rbjones.com/rbjpub/www/papers/p043.pdf}"}

@webpublished{rbjp044,
        title="Why and How Twitter",
        author=RBJ,
        year=2021,
        publisher=RBJDC,
        url="\url{http://www.rbjones.com/rbjpub/www/papers/p044.pdf}"}

@webpublished{rbjp045,
        title="Progressive Resistance",
        author=RBJ,
        year=2022,
        publisher=RBJDC,
        url="\url{http://www.rbjones.com/rbjpub/www/papers/p045.pdf}"}

@webpublished{rbjp046,
        title="Parents and Education",
        author=RBJ,
        year=2022,
        publisher=RBJDC,
        url="\url{http://www.rbjones.com/rbjpub/www/papers/p046.pdf}"}

@webpublished{rbjp047,
        title="Critical Pedagogy",
        author=RBJ,
        year=2022,
        publisher=RBJDC,
        url="\url{http://www.rbjones.com/rbjpub/www/papers/p047.pdf}"}

@webpublished{rbjp048,
        title="A Story of Enlightenment",
        author=RBJ,
        year=2022,
        publisher=RBJDC,
        url="\url{http://www.rbjones.com/rbjpub/www/papers/p048.pdf}"}

@webpublished{rbjp049,
        title="Synthetic Epistemology",
        author=RBJ,
        year=2022,
        publisher=RBJDC,
        url="\url{http://www.rbjones.com/rbjpub/www/papers/p049.pdf}"}


% The "t" series

@webpublished{rbjt000,
        title="Introduction to Work in Progess",
        author=RBJ,
        year=2005,
        url="\url{http://www.rbjones.com/rbjpub/pp/doc/t000.pdf}"}

@webpublished{rbjt001,
        title="Analyticity and Abstraction",
        author=RBJ,
        year=2005,
        url="\url{http://www.rbjones.com/rbjpub/pp/doc/t001.pdf}"}

@webpublished{rbjt002,
        title="The Formalisation of Physics",
        author=RBJ,
        year=2004,
        url="\url{http://www.rbjones.com/rbjpub/pp/doc/t002.pdf}"}

@webpublished{rbjt003,
        title="Some Differential Geometry",
        author=AJ,
        year=2004,
        url="\url{http://www.rbjones.com/rbjpub/pp/doc/t003.pdf}"}

@webpublished{rbjt004,
        title="Membership Structures",
        author="Jones, Roger Bishop",
        year=2004,
        url="\url{http://www.rbjones.com/rbjpub/pp/doc/t004.pdf}"}

@webpublished{rbjt005,
        title="Well Founded Relations",
        author=RBJ,
        year=2004,
        url="\url{http://www.rbjones.com/rbjpub/pp/doc/t005.pdf}"}

@webpublished{rbjt006,
        title="Miscellaneous Theory Supplements",
        author=RBJ,
        year=2004,
        url="\url{http://www.rbjones.com/rbjpub/pp/doc/t006.pdf}"}

@webpublished{rbjt007,
        title="Inductive and Coinductive Definitions in ProofPower",
        author=RBJ,
        year=2004,
        url="\url{http://www.rbjones.com/rbjpub/pp/doc/t007.pdf}"}

@webpublished{rbjt008,
        title="Illustrations of (Co-)Inductive Definitions",
        author=RBJ,
        year=2004,
        url="\url{http://www.rbjones.com/rbjpub/pp/doc/t008.pdf}"}

@webpublished{rbjt009,
        title="Well-orderings and Well-foundedness",
        author=AJ,
        year=2004,
        url="\url{http://www.rbjones.com/rbjpub/pp/doc/t009.pdf}"}

@webpublished{rbjt010,
        title="Miscellaneous Tactics etc.",
        author=RBJ,
        year=2004,
        url="\url{http://www.rbjones.com/rbjpub/pp/doc/t010.pdf}"}

@webpublished{rbjt011,
        title="Unifying and Antiunifying Type and Term Nets",
        author=RBJ,
        year=2004,
        url="\url{http://www.rbjones.com/rbjpub/pp/doc/t011.pdf}"}

@webpublished{rbjt012,
        title="Backward Chaining",
        author=RBJ,
        year=2004,
        url="\url{http://www.rbjones.com/rbjpub/pp/doc/t012.pdf}"}

@webpublished{rbjt013,
        title="Z in HOL - the story of ProofPower",
        author=RBJ,
        year=2005,
        url="\url{http://www.rbjones.com/rbjpub/pp/doc/t013.pdf}"}

@webpublished{rbjt014,
        title="The Story of ProofPower",
        author=RBJ,
        year=2005,
        url="\url{http://www.rbjones.com/rbjpub/pp/doc/t014.pdf}"}

@webpublished{rbjt015,
        title="An Introduction to ProofPower",
        author=RBJ,
        year=2005,
        url="\url{http://www.rbjones.com/rbjpub/pp/doc/t015.pdf}"}

@webpublished{rbjt016,
        title="Formal Models of X-Logic",
        author=RBJ,
        year=2005,
        url="\url{http://www.rbjones.com/rbjpub/pp/doc/t016.pdf}"}

@webpublished{rbjt017,
        title="Category Theory",
        author=RBJ,
        year=2006,
        url="\url{http://www.rbjones.com/rbjpub/pp/doc/t017.pdf}"}

@webpublished{rbjt018,
        title="Category Theoretic Foundation Systems",
        author=RBJ,
        url="\url{http://www.rbjones.com/rbjpub/pp/doc/t018.pdf}",
        year="2006"}

@webpublished{rbjt019,
        title="NF and NFU in ProofPower-HOL",
        author=RBJ,
        url="\url{http://www.rbjones.com/rbjpub/pp/doc/t020.pdf}",
        year="2006"}

@webpublished{rbjt020,
        title="PolySet Theory",
        author=RBJ,
        url="\url{http://www.rbjones.com/rbjpub/pp/doc/t020.pdf}",
        year="2006"}

@webpublished{rbjt021,
        title="Interpretations of Set Theory",
        author=RBJ,
        url="\url{http://www.rbjones.com/rbjpub/pp/doc/t021.pdf}",
        year="2006"}

@webpublished{rbjt022,
        title="Surreal Geometric Analysis",
        author=RBJ,
        note="\url{http://www.rbjones.com/rbjpub/pp/doc/t022.pdf}",
        year="2006"}

@webpublished{rbjt023,
        title="Higher Order Set Theory",
        author=RBJ,
        note="\url{http://www.rbjones.com/rbjpub/pp/doc/t023.pdf}",
        year="2007"}

@webpublished{rbjt024,
        title="Infinitarily Definable Non-Well-Founded Sets",
        author=RBJ,
        note="\url{http://www.rbjones.com/rbjpub/pp/doc/t024.pdf}",
        year="2007"}

@webpublished{rbjt025,
        title="More Miscellanea",
        author=RBJ,
        note="\url{http://www.rbjones.com/rbjpub/pp/doc/t025.pdf}",
        year="2008"}

@webpublished{rbjt026,
        title="Infinitarily Definable Sets",
        author=RBJ,
        note="\url{http://www.rbjones.com/rbjpub/pp/doc/t026.pdf}",
        year="2008"}
